<?xml version="1.0" encoding="UTF-8"?><collection xmlns="http://www.loc.gov/MARC21/slim"><record><leader>00451nam--2200181-i-4500</leader><controlfield tag="001">000045659</controlfield><controlfield tag="002">20161230</controlfield><controlfield tag="005">20161230201045</controlfield><controlfield tag="008">060222s1000------------r-----000-0-rum-d</controlfield><datafield ind1=" " ind2=" " tag="040"><subfield code="a">IFIN-HH</subfield></datafield><datafield ind1=" " ind2=" " tag="041"><subfield code="a">rum</subfield></datafield><datafield ind1=" " ind2=" " tag="080"><subfield code="a">537.1:537.6</subfield></datafield><datafield ind1="1" ind2=" " tag="100"><subfield code="a">Tutovan, Vasile</subfield></datafield><datafield ind1="1" ind2="0" tag="245"><subfield code="a">Electricitate si magnetism</subfield><subfield code="c">Vasile tutovan</subfield></datafield><datafield ind1=" " ind2=" " tag="260"><subfield code="a">Bucuresti</subfield><subfield code="b">Editura Tehnica</subfield><subfield code="c">1984</subfield></datafield><datafield ind1=" " ind2=" " tag="300"><subfield code="a">392P</subfield></datafield><datafield ind1=" " ind2=" " tag="852"><subfield code="a">71615</subfield><subfield code="c">537:538</subfield></datafield><datafield ind1=" " ind2=" " tag="CAT"><subfield code="a">Sys</subfield><subfield code="c">20110627</subfield><subfield code="h">105619</subfield></datafield></record></collection>